@article{Kosheleva2021,
	title={How to Introduce Technical Details of Quantum Computing in a Theory of Computation Class: Using the Basic Case of the Deutsch-Jozsa Algorithm},
	author={Olga Kosheleva and Vladik Kreinovich},
	journal={University of Texas at El Paso},
	year={2021},
	address={El Paso, TX, USA},
	url={mailto:olgak@utep.edu, mailto:vladik@utep.edu}
}

@book{Wong2022,
	title={Introduction to Classical and Quantum Computing},
	author={Thomas G. Wong},
	year={2022},
	publisher={Rooted Grove},
	address={USA},
	isbn={979-8985593105},
	url={https://www.thomaswong.net/introduction-to-classical-and-quantum-computing-1e4p.pdf}
}